<?xml version="1.0" encoding="UTF-8"?><collection xmlns="http://www.loc.gov/MARC21/slim"><record><leader>00424nam--2200145-i-4500</leader><controlfield tag="001">000025720</controlfield><controlfield tag="002">20161230</controlfield><controlfield tag="005">20161230201036</controlfield><controlfield tag="008">060222s1000------------r-----000-0-eng-d</controlfield><datafield ind1=" " ind2=" " tag="080"><subfield code="a">017</subfield></datafield><datafield ind1=" " ind2=" " tag="100"><subfield code="a">Junker, J./S.A.</subfield></datafield><datafield ind1=" " ind2=" " tag="245"><subfield code="a">Quarterly title list of reports etc.for the period ending june 1971</subfield></datafield><datafield ind1=" " ind2=" " tag="260"><subfield code="a">Munchen, Max-plamck-institut Fur Plasmaphysik, 1971, 40p</subfield></datafield><datafield ind1=" " ind2=" " tag="490"><subfield code="a">Note For Publication No.26</subfield></datafield><datafield ind1=" " ind2=" " tag="852"><subfield code="a">D.1266</subfield></datafield></record></collection>